<?xml version="1.0" encoding="UTF-8"?><record xmlns="http://www.loc.gov/MARC21/slim" xmlns:cinclude="http://apache.org/cocoon/include/1.0" xmlns:zs="http://www.loc.gov/zing/srw/">
  <leader>01338cz  a2200265n  4500</leader>
  <controlfield tag="001">no2010159308</controlfield>
  <controlfield tag="003">DLC</controlfield>
  <controlfield tag="005">20140416114545.0</controlfield>
  <controlfield tag="008">100930n| azannaabn          |a aaa     c</controlfield>
  <datafield tag="010" ind1=" " ind2=" ">
    <subfield code="a">no2010159308</subfield>
  </datafield>
  <datafield tag="035" ind1=" " ind2=" ">
    <subfield code="a">(OCoLC)oca08642019</subfield>
  </datafield>
  <datafield tag="040" ind1=" " ind2=" ">
    <subfield code="a">IlMchBWI</subfield>
    <subfield code="b">eng</subfield>
    <subfield code="e">rda</subfield>
    <subfield code="c">IlMchBWI</subfield>
    <subfield code="d">DLC</subfield>
  </datafield>
  <datafield tag="046" ind1=" " ind2=" ">
    <subfield code="f">19210531</subfield>
    <subfield code="g">20140411</subfield>
  </datafield>
  <datafield tag="100" ind1="1" ind2=" ">
    <subfield code="a">Doré, Edna,</subfield>
    <subfield code="d">1921-2014</subfield>
  </datafield>
  <datafield tag="370" ind1=" " ind2=" ">
    <subfield code="a">Bromley (London, England)</subfield>
    <subfield code="b">Bramley (Hampshire, England)</subfield>
    <subfield code="e">Barnes (London, England)</subfield>
    <subfield code="v">Independent (online), viewed Apr. 16, 2014</subfield>
  </datafield>
  <datafield tag="374" ind1=" " ind2=" ">
    <subfield code="a">Actors</subfield>
    <subfield code="2">lcsh</subfield>
  </datafield>
  <datafield tag="375" ind1=" " ind2=" ">
    <subfield code="a">female</subfield>
  </datafield>
  <datafield tag="377" ind1=" " ind2=" ">
    <subfield code="a">eng</subfield>
  </datafield>
  <datafield tag="378" ind1=" " ind2=" ">
    <subfield code="q">Edna Lillian</subfield>
  </datafield>
  <datafield tag="400" ind1="1" ind2=" ">
    <subfield code="a">Gorring, Edna,</subfield>
    <subfield code="d">1921-2014</subfield>
  </datafield>
  <datafield tag="670" ind1=" " ind2=" ">
    <subfield code="a">High hopes [VR], c2009</subfield>
    <subfield code="b">(Edna Doré; actress)</subfield>
  </datafield>
  <datafield tag="670" ind1=" " ind2=" ">
    <subfield code="a">Internet Movie Database, Sept. 22, 2010</subfield>
    <subfield code="b">(Edna Doré; born 1922; alternate name, Edna Dore; actress)</subfield>
  </datafield>
  <datafield tag="670" ind1=" " ind2=" ">
    <subfield code="a">Wikipedia, Sept. 30, 2010</subfield>
    <subfield code="b">(Edna Doré ; born Edna Gorring in 1921 ; British actress)</subfield>
  </datafield>
  <datafield tag="670" ind1=" " ind2=" ">
    <subfield code="a">True Knowledge website, Sept. 30, 2010</subfield>
    <subfield code="b">(1922 is the birthdate of Edna Doré)</subfield>
  </datafield>
  <datafield tag="670" ind1=" " ind2=" ">
    <subfield code="a">Guardian (online), viewed Apr. 15, 2014</subfield>
    <subfield code="b">(Edna Doré; Edna Lillian Doré; b. Edna Gorring, May 31, 1921; raised in Bromley, Kent; m. Alexander Doré, 1946 (d. 2002); d. Apr. 11, 2014; television, stage, and film actor best known for her role as Mo Butcher in the BBC's EastEnders; lived in Barnes, southwest London)</subfield>
  </datafield>
</record>